@Book{xie2015,
  title = {Dynamic Documents with {R} and knitr},
  author = {Yihui Xie},
  publisher = {Chapman and Hall/CRC},
  address = {Boca Raton, Florida},
  year = {2015},
  edition = {2nd},
  note = {ISBN 978-1498716963},
  url = {http://yihui.org/knitr/},
}

@article{JASP2020,
	title = {JASP (version 0.14.1)[Computer software]},
	author = {{JASP Team}, {}},
	year = {2020},
	date = {2020},
	url = {https://jasp-stats.org/},
	note = {Citation Key: JASP2020}
}
