@Book{goss-sampsonStatisticalAnalysisJASP2020,
  title = {Statistical {{Analysis}} in {{JASP}} - {{A Students Guide}} v0.14},
  author = {Mark Goss-Sampson},
  date = {2020},
  pages = {4932317 Bytes},
  publisher = {{figshare}},
  doi = {10.6084/M9.FIGSHARE.9980744},
  url = {https://figshare.com/articles/Statistical_Analysis_in_JASP_-_A_Students_Guide_v0_10_2_/9980744},
  urldate = {2021-02-26},
  file = {/Users/ofurtado/Zotero/storage/9JP785EL/Goss-Sampson - 2020 - Statistical Analysis in JASP - A Students Guide v0.14.pdf},
  keywords = {10402 Biostatistics,FOS: Mathematics},
  langid = {english},
}
